%%%%%%%%%%%%%%%%%%%%%%%%%%%%%%%%%%%%%%%%%%%%%%%%%
%%%%%%              Reviews             %%%%%%%%%
%%%%%%%%%%%%%%%%%%%%%%%%%%%%%%%%%%%%%%%%%%%%%%%%%
% MARKUS AHLERS WONDERFUL REVIEW PAPER WITH 
% SO MUCH INFO ON SOURCES AND DIFFUSE MEASUREMENTS
% PAGE 14 IS A GOLD MINE FOR SOURCE REFERENVES
@article{Ahlers:2018fkn,
      author         = "Ahlers, Markus and Halzen, Francis",
      title          = "{Opening a New Window onto the Universe with IceCube}",
      journal        = "Prog. Part. Nucl. Phys.",
      volume         = "102",
      year           = "2018",
      pages          = "73-88",
      doi            = "10.1016/j.ppnp.2018.05.001",
      eprint         = "1805.11112",
      archivePrefix  = "arXiv",
      primaryClass   = "astro-ph.HE",
      SLACcitation   = "%%CITATION = ARXIV:1805.11112;%%"
}


%%%%%%%%%%%%%%%%%%%%%%%%%%%%%%%%%%%%%%%%%%%%%%%%%
%%%%%%          IceCube Papers          %%%%%%%%%
%%%%%%%%%%%%%%%%%%%%%%%%%%%%%%%%%%%%%%%%%%%%%%%%%
% DETECTOR AND OPS
@article{Aartsen:2016nxy,
      author         = "Aartsen, M. G. and others",
      title          = "{The IceCube Neutrino Observatory: Instrumentation and
                        Online Systems}",
      collaboration  = "IceCube",
      journal        = "JINST",
      volume         = "12",
      year           = "2017",
      number         = "03",
      pages          = "P03012",
      doi            = "10.1088/1748-0221/12/03/P03012",
      eprint         = "1612.05093",
      archivePrefix  = "arXiv",
      primaryClass   = "astro-ph.IM",
      SLACcitation   = "%%CITATION = ARXIV:1612.05093;%%"
}



%PMTs
@article{Abbasi:2010vc,
      author         = "Abbasi, R. and others",
      title          = "{Calibration and Characterization of the IceCube
                        Photomultiplier Tube}",
      collaboration  = "IceCube",
      journal        = "Nucl. Instrum. Meth.",
      volume         = "A618",
      year           = "2010",
      pages          = "139-152",
      doi            = "10.1016/j.nima.2010.03.102",
      eprint         = "1002.2442",
      archivePrefix  = "arXiv",
      primaryClass   = "astro-ph.IM",
      SLACcitation   = "%%CITATION = ARXIV:1002.2442;%%"
}

%DAQ
@article{Abbasi:2008aa,
      author         = "Abbasi, R. and others",
      title          = "{The IceCube Data Acquisition System: Signal Capture,
                        Digitization, and Timestamping}",
      collaboration  = "IceCube",
      journal        = "Nucl. Instrum. Meth.",
      volume         = "A601",
      year           = "2009",
      pages          = "294-316",
      doi            = "10.1016/j.nima.2009.01.001",
      eprint         = "0810.4930",
      archivePrefix  = "arXiv",
      primaryClass   = "physics.ins-det",
      SLACcitation   = "%%CITATION = ARXIV:0810.4930;%%"
}

%Ice measurements
@article{Aartsen:2013rt,
      author         = "Aartsen, M. G. and others",
      title          = "{Measurement of South Pole ice transparency with the
                        IceCube LED calibration system}",
      collaboration  = "IceCube",
      journal        = "Nucl. Instrum. Meth.",
      volume         = "A711",
      year           = "2013",
      pages          = "73-89",
      doi            = "10.1016/j.nima.2013.01.054",
      eprint         = "1301.5361",
      archivePrefix  = "arXiv",
      primaryClass   = "astro-ph.IM",
      SLACcitation   = "%%CITATION = ARXIV:1301.5361;%%"
}

%Reatlime paper
@article{Kintscher:2016uqh,
      author         = "Kintscher, Thomas",
      title          = "{Results and prospects of IceCubeâ€™s real time alert
                        capabilities}",
      booktitle      = "{Proceedings, 14th International Conference on Topics in
                        Astroparticle and Underground Physics (TAUP 2015): Torino,
                        Italy, September 7-11, 2015}",
      collaboration  = "IceCube",
      journal        = "J. Phys. Conf. Ser.",
      volume         = "718",
      year           = "2016",
      number         = "6",
      pages          = "062029",
      doi            = "10.1088/1742-6596/718/6/062029",
      SLACcitation   = "%%CITATION = 00462,718,062029;%%"
}

%Realtime Alert paper
@article{Aartsen:2016lmt,
      author         = "Aartsen, M. G. and others",
      title          = "{The IceCube Realtime Alert System}",
      collaboration  = "IceCube",
      journal        = "Astropart. Phys.",
      volume         = "92",
      year           = "2017",
      pages          = "30-41",
      doi            = "10.1016/j.astropartphys.2017.05.002",
      eprint         = "1612.06028",
      archivePrefix  = "arXiv",
      primaryClass   = "astro-ph.HE",
      SLACcitation   = "%%CITATION = ARXIV:1612.06028;%%"
}

%Evidence for neutrinos
@article{Aartsen:2013jdh,
      author         = "Aartsen, M. G. and others",
      title          = "{Evidence for High-Energy Extraterrestrial Neutrinos at
                        the IceCube Detector}",
      collaboration  = "IceCube",
      journal        = "Science",
      volume         = "342",
      year           = "2013",
      pages          = "1242856",
      doi            = "10.1126/science.1242856",
      eprint         = "1311.5238",
      archivePrefix  = "arXiv",
      primaryClass   = "astro-ph.HE",
      SLACcitation   = "%%CITATION = ARXIV:1311.5238;%%"
}

%TXS IceCube
@article{IceCube:2018cha,
      author         = "Aartsen, M. G. and others",
      title          = "{Neutrino emission from the direction of the blazar TXS
                        0506+056 prior to the IceCube-170922A alert}",
      collaboration  = "IceCube",
      journal        = "Science",
      volume         = "361",
      year           = "2018",
      number         = "6398",
      pages          = "147-151",
      doi            = "10.1126/science.aat2890",
      eprint         = "1807.08794",
      archivePrefix  = "arXiv",
      primaryClass   = "astro-ph.HE",
      SLACcitation   = "%%CITATION = ARXIV:1807.08794;%%"
}

%TXS Multimessenger
@article{IceCube:2018dnn,
      author         = "Aartsen, M. G. and others",
      title          = "{Multimessenger observations of a flaring blazar
                        coincident with high-energy neutrino IceCube-170922A}",
      collaboration  = "IceCube, Fermi-LAT, MAGIC, AGILE, ASAS-SN, HAWC,
                        H.E.S.S., INTEGRAL, Kanata, Kiso, Kapteyn, Liverpool
                        Telescope, Subaru, Swift NuSTAR, VERITAS, VLA/17B-403",
      journal        = "Science",
      volume         = "361",
      year           = "2018",
      number         = "6398",
      pages          = "eaat1378",
      doi            = "10.1126/science.aat1378",
      eprint         = "1807.08816",
      archivePrefix  = "arXiv",
      primaryClass   = "astro-ph.HE",
      SLACcitation   = "%%CITATION = ARXIV:1807.08816;%%"
}

%Constraints at high energies
@article{Aartsen:2016ngq,
      author         = "Aartsen, M. G. and others",
      title          = "{Constraints on Ultrahigh-Energy Cosmic-Ray Sources from
                        a Search for Neutrinos above 10 PeV with IceCube}",
      collaboration  = "IceCube",
      journal        = "Phys. Rev. Lett.",
      volume         = "117",
      year           = "2016",
      number         = "24",
      pages          = "241101",
      doi            = "10.1103/PhysRevLett.117.241101,
                        10.1103/PhysRevLett.119.259902",
      note           = "[Erratum: Phys. Rev. Lett.119,no.25,259902(2017)]",
      eprint         = "1607.05886",
      archivePrefix  = "arXiv",
      primaryClass   = "astro-ph.HE",
      SLACcitation   = "%%CITATION = ARXIV:1607.05886;%%"
}

%8 year PS search
@article{Aartsen:2018ywr,
      author         = "Aartsen, M. G. and others",
      title          = "{Search for steady point-like sources in the
                        astrophysical muon neutrino flux with 8 years of IceCube
                        data}",
      collaboration  = "IceCube",
      year           = "2018",
      eprint         = "1811.07979",
      archivePrefix  = "arXiv",
      primaryClass   = "hep-ph",
      SLACcitation   = "%%CITATION = ARXIV:1811.07979;%%"
}

%Flare search 4 years
@article{Aartsen:2015wto,
      author         = "Aartsen, M. G. and others",
      title          = "{Searches for Time Dependent Neutrino Sources with
                        IceCube Data from 2008 to 2012}",
      collaboration  = "IceCube",
      journal        = "Astrophys. J.",
      volume         = "807",
      year           = "2015",
      number         = "1",
      pages          = "46",
      doi            = "10.1088/0004-637X/807/1/46",
      eprint         = "1503.00598",
      archivePrefix  = "arXiv",
      primaryClass   = "astro-ph.HE",
      SLACcitation   = "%%CITATION = ARXIV:1503.00598;%%"
}

@inproceedings{Hussain:2019xzb,
      author         = "Hussain, Raamis and Vandenbroucke, Justin and Wood,
                        Joshua",
      title          = "{A Search for IceCube Neutrinos from the First 33
                        Detected Gravitational Wave Events}",
      booktitle      = "{HAWC Contributions to the 36th International Cosmic Ray
                        Conference (ICRC2019)}",
      collaboration  = "IceCube",
      year           = "2019",
      eprint         = "1908.07706",
      archivePrefix  = "arXiv",
      primaryClass   = "astro-ph.HE",
      reportNumber   = "PoS-ICRC2019-918",
      SLACcitation   = "%%CITATION = ARXIV:1908.07706;%%"
}

%Lisa UHECR proceedings
@article{Schumacher:2019qdx,
      author         = "Schumacher, Lisa",
      title          = "{Search for correlations of high-energy neutrinos and
                        ultrahigh- energy cosmic rays}",
      booktitle      = "{Proceedings, 8th Very Large Volume Neutrino Telescope
                        Workshop (VLVnT-2018): Dubna, Russia, October 2-4, 2018}",
      collaboration  = "ANTARES, IceCube, Pierre Auger, Telescope Array",
      journal        = "EPJ Web Conf.",
      volume         = "207",
      year           = "2019",
      pages          = "02010",
      doi            = "10.1051/epjconf/201920702010",
      eprint         = "1905.10111",
      archivePrefix  = "arXiv",
      primaryClass   = "astro-ph.HE",
      SLACcitation   = "%%CITATION = ARXIV:1905.10111;%%"
}

%Diffuse Nu-Mu
@article{Haack:2017dxi,
      author         = "Haack, Christian and Wiebusch, Christopher",
      title          = "{A measurement of the diffuse astrophysical muon neutrino
                        flux using eight years of IceCube data.}",
      booktitle      = "{The Fluorescence detector Array of Single-pixel
                        Telescopes: Contributions to the 35th International Cosmic
                        Ray Conference (ICRC 2017)}",
      collaboration  = "IceCube",
      journal        = "PoS",
      volume         = "ICRC2017",
      year           = "2018",
      pages          = "1005",
      doi            = "10.22323/1.301.1005",
      SLACcitation   = "%%CITATION = POSCI,ICRC2017,1005;%%"
}

%Southern sky point source (cascades?)
@article{Aartsen:2016tpb,
      author         = "Aartsen, M. G. and others",
      title          = "{Lowering IceCube's Energy Threshold for Point Source
                        Searches in the Southern Sky}",
      collaboration  = "IceCube",
      journal        = "Astrophys. J.",
      volume         = "824",
      year           = "2016",
      number         = "2",
      pages          = "L28",
      doi            = "10.3847/2041-8205/824/2/L28",
      eprint         = "1605.00163",
      archivePrefix  = "arXiv",
      primaryClass   = "astro-ph.HE",
      SLACcitation   = "%%CITATION = ARXIV:1605.00163;%%"
}

%7 year point source
@article{Aartsen:2016oji,
      author         = "Aartsen, M. G. and others",
      title          = "{All-sky Search for Time-integrated Neutrino Emission
                        from Astrophysical Sources with 7 yr of IceCube Data}",
      collaboration  = "IceCube",
      journal        = "Astrophys. J.",
      volume         = "835",
      year           = "2017",
      number         = "2",
      pages          = "151",
      doi            = "10.3847/1538-4357/835/2/151",
      eprint         = "1609.04981",
      archivePrefix  = "arXiv",
      primaryClass   = "astro-ph.HE",
      SLACcitation   = "%%CITATION = ARXIV:1609.04981;%%"
}

%IC40 point source
@article{Abbasi:2010rd,
      author         = "Abbasi, R. and others",
      title          = "{Time-Integrated Searches for Point-like Sources of
                        Neutrinos with the 40-String IceCube Detector}",
      collaboration  = "IceCube",
      journal        = "Astrophys. J.",
      volume         = "732",
      year           = "2011",
      pages          = "18",
      doi            = "10.1088/0004-637X/732/1/18",
      eprint         = "1012.2137",
      archivePrefix  = "arXiv",
      primaryClass   = "astro-ph.HE",
      SLACcitation   = "%%CITATION = ARXIV:1012.2137;%%"
}

%3 year point source
@article{Aartsen:2013uuv,
      author         = "Aartsen, M. G. and others",
      title          = "{Search for Time-independent Neutrino Emission from
                        Astrophysical Sources with 3 yr of IceCube Data}",
      collaboration  = "IceCube",
      journal        = "Astrophys. J.",
      volume         = "779",
      year           = "2013",
      pages          = "132",
      doi            = "10.1088/0004-637X/779/2/132",
      eprint         = "1307.6669",
      archivePrefix  = "arXiv",
      primaryClass   = "astro-ph.HE",
      SLACcitation   = "%%CITATION = ARXIV:1307.6669;%%"
}

%RECO paper
@article{Ahrens:2003fg,
      author         = "Ahrens, J. and others",
      title          = "{Muon track reconstruction and data selection techniques
                        in AMANDA}",
      collaboration  = "AMANDA",
      journal        = "Nucl. Instrum. Meth.",
      volume         = "A524",
      year           = "2004",
      pages          = "169-194",
      doi            = "10.1016/j.nima.2004.01.065",
      eprint         = "astro-ph/0407044",
      archivePrefix  = "arXiv",
      primaryClass   = "astro-ph",
      SLACcitation   = "%%CITATION = ASTRO-PH/0407044;%%"
}

%RECO paper
@article{Aartsen:2013bfa,
      author         = "Aartsen, M. G. and others",
      title          = "{Improvement in Fast Particle Track Reconstruction with
                        Robust Statistics}",
      journal        = "Nucl. Instrum. Meth.",
      volume         = "A736",
      year           = "2014",
      pages          = "143-149",
      doi            = "10.1016/j.nima.2013.10.074",
      eprint         = "1308.5501",
      archivePrefix  = "arXiv",
      primaryClass   = "astro-ph.IM",
      SLACcitation   = "%%CITATION = ARXIV:1308.5501;%%"
}

%Extended PS search four years
@article{Aartsen:2014cva,
      author         = "Aartsen, M. G. and others",
      title          = "{Searches for Extended and Point-like Neutrino Sources
                        with Four Years of IceCube Data}",
      collaboration  = "IceCube",
      journal        = "Astrophys. J.",
      volume         = "796",
      year           = "2014",
      number         = "2",
      pages          = "109",
      doi            = "10.1088/0004-637X/796/2/109",
      eprint         = "1406.6757",
      archivePrefix  = "arXiv",
      primaryClass   = "astro-ph.HE",
      SLACcitation   = "%%CITATION = ARXIV:1406.6757;%%"
}

%FRB Paper
@article{Aartsen:2019wbt,
      author         = "Aartsen, M. G. and others",
      title          = "{A Search for MeV to TeV Neutrinos from Fast Radio Bursts
                        with IceCube}",
      collaboration  = "IceCube",
      year           = "2019",
      eprint         = "1908.09997",
      archivePrefix  = "arXiv",
      primaryClass   = "astro-ph.HE",
      SLACcitation   = "%%CITATION = ARXIV:1908.09997;%%"
}

%Six year FRB search
@article{Aartsen:2017zvw,
      author         = "Aartsen, M. G. and others",
      title          = "{A Search for Neutrino Emission from Fast Radio Bursts
                        with Six Years of IceCube Data}",
      collaboration  = "IceCube",
      journal        = "Astrophys. J.",
      volume         = "857",
      year           = "2018",
      number         = "2",
      pages          = "117",
      doi            = "10.3847/1538-4357/aab4f8",
      eprint         = "1712.06277",
      archivePrefix  = "arXiv",
      primaryClass   = "astro-ph.HE",
      SLACcitation   = "%%CITATION = ARXIV:1712.06277;%%"
}

%Prompt GRB
@article{Aartsen:2014aqy,
      author         = "Aartsen, M. G. and others",
      title          = "{Search for Prompt Neutrino Emission from Gamma-Ray
                        Bursts with IceCube}",
      collaboration  = "IceCube",
      journal        = "Astrophys. J.",
      volume         = "805",
      year           = "2015",
      number         = "1",
      pages          = "L5",
      doi            = "10.1088/2041-8205/805/1/L5",
      eprint         = "1412.6510",
      archivePrefix  = "arXiv",
      primaryClass   = "astro-ph.HE",
      SLACcitation   = "%%CITATION = ARXIV:1412.6510;%%"
}

%Proceedings on HESE?
@inproceedings{Aartsen:2013jla,
      author         = "Aartsen, M. G. and others",
      title          = "{The IceCube Neutrino Observatory Part II: Atmospheric
                        and Diffuse UHE Neutrino Searches of All Flavors}",
      booktitle      = "{Proceedings, 33rd International Cosmic Ray Conference
                        (ICRC2013): Rio de Janeiro, Brazil, July 2-9, 2013}",
      collaboration  = "IceCube",
      year           = "2013",
      eprint         = "1309.7003",
      archivePrefix  = "arXiv",
      primaryClass   = "astro-ph.HE",
      SLACcitation   = "%%CITATION = ARXIV:1309.7003;%%"
}

%ANTARES GW analysis
@article{Molla:2020wsw,
      author         = "Molla, Marta Colomer",
      title          = "{Search for neutrino counterparts of catalogued
                        gravitational-wave events detected by Advanced-LIGO and
                        Virgo during run O2 with ANTARES}",
      year           = "2020",
      eprint         = "2003.04022",
      archivePrefix  = "arXiv",
      primaryClass   = "astro-ph.HE",
      SLACcitation   = "%%CITATION = ARXIV:2003.04022;%%"
}

%2019 FRB proceedings
@article{FRB,
      author         = "",
      title          = "{Searches for neutrinos from fast radio bursts with IceCube}",
      collaboration  = "IceCube",
      journal        = "PoS",
      volume         = "ICRC2019",
      pages          = "982",
      year           = "these proceedings",
}

@article{Aartsen:2019swn,
      author         = "Aartsen, M. G. and others",
      title          = "{Neutrino astronomy with the next generation IceCube
                        Neutrino Observatory}",
      collaboration  = "IceCube",
      year           = "2019",
      eprint         = "1911.02561",
      archivePrefix  = "arXiv",
      primaryClass   = "astro-ph.HE",
      SLACcitation   = "%%CITATION = ARXIV:1911.02561;%%"
}

%Eddington bias paper
@article{Strotjohann:2018ufz,
      author         = "Strotjohann, Nora L. and Kowalski, Marek and Franckowiak,
                        Anna",
      title          = "{Eddington bias for cosmic neutrino sources}",
      journal        = "Astron. Astrophys.",
      volume         = "622",
      year           = "2019",
      pages          = "L9",
      doi            = "10.1051/0004-6361/201834750",
      eprint         = "1809.06865",
      archivePrefix  = "arXiv",
      primaryClass   = "astro-ph.HE",
      reportNumber   = "DESY-18-164",
      SLACcitation   = "%%CITATION = ARXIV:1809.06865;%%"
}

%2019 ANITA proceedings
@article{ANITA,
      author         = "",
      title          = "{"A search for counterparts to ANITA neutrino candidates with IceCube"}",
      collaboration  = "IceCube",
      journal        = "PoS",
      volume         = "ICRC2019",
      pages          = "981",
      year           = "these proceedings",
}

%ANITA Few author paper
@article{Safa:2019ege,
      author         = "Safa, Ibrahim and Pizzuto, Alex and ArgÃ¼elles, Carlos A.
                        and Halzen, Francis and Hussain, Raamis and Kheirandish,
                        Ali and Vandenbroucke, Justin",
      title          = "{Observing EeV neutrinos through the Earth: GZK and the
                        anomalous ANITA events}",
      journal        = "JCAP",
      volume         = "2001",
      year           = "2020",
      number         = "01",
      pages          = "012",
      doi            = "10.1088/1475-7516/2020/01/012",
      eprint         = "1909.10487",
      archivePrefix  = "arXiv",
      primaryClass   = "hep-ph",
      SLACcitation   = "%%CITATION = ARXIV:1909.10487;%%"
}

%ANITA collaboration Paper
@article{Aartsen:2020vir,
      author         = "Aartsen, M. G. and others",
      title          = "{A search for IceCube events in the direction of ANITA
                        neutrino candidates}",
      collaboration  = "IceCube",
      year           = "2020",
      eprint         = "2001.01737",
      archivePrefix  = "arXiv",
      primaryClass   = "astro-ph.HE",
      SLACcitation   = "%%CITATION = ARXIV:2001.01737;%%"
}

%2017 Fast response proceedings
@ARTICLE{icrc2017,
   author = {{IceCube Collaboration}},
    title = "{IceCube as a Neutrino Follow-up Observatory for Astronomical Transients}",
  journal = {International Cosmic Ray Conference},
     year = 2017,
   volume = 35,
      eid = {1007},
    pages = {1007},
   adsurl = {https://ui.adsabs.harvard.edu/abs/2017ICRC...35.1007M},
  adsnote = {Provided by the SAO/NASA Astrophysics Data System}
}

%2015 icrc Supernova proceedings
@inproceedings{Aartsen:2015cwa,
      author         = "Aartsen, M. G. and others",
      title          = "{The IceCube Neutrino Observatory - Contributions to ICRC
                        2015 Part V: Neutrino Oscillations and Supernova
                        Searches}",
      collaboration  = "IceCube",
      year           = "2015",
      eprint         = "1510.05227",
      archivePrefix  = "arXiv",
      primaryClass   = "astro-ph.HE",
      SLACcitation   = "%%CITATION = ARXIV:1510.05227;%%"
}

%Sources must be sufficiently populous / dim
@article{Aartsen:2018fpd,
      author         = "Aartsen, M. G. and others",
      title          = "{Constraints on minute-scale transient astrophysical
                        neutrino sources}",
      collaboration  = "IceCube",
      journal        = "Submitted to: Phys. Rev. Lett.",
      year           = "2018",
      eprint         = "1807.11492",
      archivePrefix  = "arXiv",
      primaryClass   = "astro-ph.HE",
      SLACcitation   = "%%CITATION = ARXIV:1807.11492;%%"
}

%Cosmogenic 9 year limit 
@article{Aartsen:2018vtx,
      author         = "Aartsen, M. G. and others",
      title          = "{Differential limit on the extremely-high-energy cosmic
                        neutrino flux in the presence of astrophysical background
                        from nine years of IceCube data}",
      collaboration  = "IceCube",
      journal        = "Phys. Rev.",
      volume         = "D98",
      year           = "2018",
      number         = "6",
      pages          = "062003",
      doi            = "10.1103/PhysRevD.98.062003",
      eprint         = "1807.01820",
      archivePrefix  = "arXiv",
      primaryClass   = "astro-ph.HE",
      SLACcitation   = "%%CITATION = ARXIV:1807.01820;%%"
}

%more cross sections
@article{Aartsen:2017kpd,
      author         = "Aartsen, M. G. and others",
      title          = "{Measurement of the multi-TeV neutrino cross section with
                        IceCube using Earth absorption}",
      collaboration  = "IceCube",
      journal        = "Nature",
      volume         = "551",
      year           = "2017",
      pages          = "596-600",
      doi            = "10.1038/nature24459",
      eprint         = "1711.08119",
      archivePrefix  = "arXiv",
      primaryClass   = "hep-ex",
      SLACcitation   = "%%CITATION = ARXIV:1711.08119;%%"
}











%%%%%%%%%%%%%%%%%%%%%%%%%%%%%%%%%%%%%%%%%%%%%%%%%
%%%%%%%      General nu/UHECR Papers    %%%%%%%%%
%%%%%%%%%%%%%%%%%%%%%%%%%%%%%%%%%%%%%%%%%%%%%%%%%
%neutrinos tell about acceleration mechanisms
@article{Halzen:2002pg,
      author         = "Halzen, Francis and Hooper, Dan",
      title          = "{High-energy neutrino astronomy: The Cosmic ray
                        connection}",
      journal        = "Rept. Prog. Phys.",
      volume         = "65",
      year           = "2002",
      pages          = "1025-1078",
      doi            = "10.1088/0034-4885/65/7/201",
      eprint         = "astro-ph/0204527",
      archivePrefix  = "arXiv",
      primaryClass   = "astro-ph",
      SLACcitation   = "%%CITATION = ASTRO-PH/0204527;%%"
}

%neutrinos tell about jet dynamics
@article{Razzaque:2003uv,
      author         = "Razzaque, Soebur and Meszaros, Peter and Waxman, Eli",
      title          = "{Neutrino tomography of gamma-ray bursts and massive
                        stellar collapses}",
      journal        = "Phys. Rev.",
      volume         = "D68",
      year           = "2003",
      pages          = "083001",
      doi            = "10.1103/PhysRevD.68.083001",
      eprint         = "astro-ph/0303505",
      archivePrefix  = "arXiv",
      primaryClass   = "astro-ph",
      SLACcitation   = "%%CITATION = ASTRO-PH/0303505;%%"
}

%Neutrinos tell about source environments
@article{Murase:2015xka,
      author         = "Murase, Kohta and Guetta, Dafne and Ahlers, Markus",
      title          = "{Hidden Cosmic-Ray Accelerators as an Origin of TeV-PeV
                        Cosmic Neutrinos}",
      journal        = "Phys. Rev. Lett.",
      volume         = "116",
      year           = "2016",
      number         = "7",
      pages          = "071101",
      doi            = "10.1103/PhysRevLett.116.071101",
      eprint         = "1509.00805",
      archivePrefix  = "arXiv",
      primaryClass   = "astro-ph.HE",
      SLACcitation   = "%%CITATION = ARXIV:1509.00805;%%"
}

%Origin of UHECR and nus
@article{Gaisser:1994yf,
      author         = "Gaisser, Thomas K. and Halzen, Francis and Stanev, Todor",
      title          = "{Particle astrophysics with high-energy neutrinos}",
      journal        = "Phys. Rept.",
      volume         = "258",
      year           = "1995",
      pages          = "173-236",
      doi            = "10.1016/0370-1573(95)00003-Y",
      note           = "[Erratum: Phys. Rept.271,355(1996)]",
      eprint         = "hep-ph/9410384",
      archivePrefix  = "arXiv",
      primaryClass   = "hep-ph",
      reportNumber   = "MAD-PH-847",
      SLACcitation   = "%%CITATION = HEP-PH/9410384;%%"
}

%Espresso Mechanism
@article{Caprioli:2015zka,
      author         = "Caprioli, Damiano",
      title          = "{"Espresso" Acceleration of Ultra-high-energy Cosmic
                        Rays}",
      journal        = "Astrophys. J.",
      volume         = "811",
      year           = "2015",
      number         = "2",
      pages          = "L38",
      doi            = "10.1088/2041-8205/811/2/L38",
      eprint         = "1505.06739",
      archivePrefix  = "arXiv",
      primaryClass   = "astro-ph.HE",
      SLACcitation   = "%%CITATION = ARXIV:1505.06739;%%"
}

%Espresso MHD magnetohydrodynamics
@article{Mbarek:2019glq,
      author         = "Mbarek, Rostom and Caprioli, Damiano",
      title          = "{Bottom-up Acceleration of Ultra-High-Energy Cosmic Rays
                        in the Jets of Active Galactic Nuclei}",
      year           = "2019",
      eprint         = "1904.02720",
      archivePrefix  = "arXiv",
      primaryClass   = "astro-ph.HE",
      SLACcitation   = "%%CITATION = ARXIV:1904.02720;%%"
}

@article{Askaryan:1962hbi,
      author         = "Askar'yan, G. A.",
      title          = "{Excess negative charge of an electron-photon shower and
                        its coherent radio emission}",
      journal        = "Sov. Phys. JETP",
      volume         = "14",
      year           = "1962",
      number         = "2",
      pages          = "441-443",
      note           = "[Zh. Eksp. Teor. Fiz.41,616(1961)]",
      SLACcitation   = "%%CITATION = SPHJA,14,441;%%"
}

%GZK original papers
@article{Greisen:1966jv,
      author         = "Greisen, Kenneth",
      title          = "{End to the cosmic ray spectrum?}",
      journal        = "Phys. Rev. Lett.",
      volume         = "16",
      year           = "1966",
      pages          = "748-750",
      doi            = "10.1103/PhysRevLett.16.748",
      SLACcitation   = "%%CITATION = PRLTA,16,748;%%"
}
@article{Zatsepin:1966jv,
      author         = "Zatsepin, G. T. and Kuzmin, V. A.",
      title          = "{Upper limit of the spectrum of cosmic rays}",
      journal        = "JETP Lett.",
      volume         = "4",
      year           = "1966",
      pages          = "78-80",
      note           = "[Pisma Zh. Eksp. Teor. Fiz.4,114(1966)]",
      SLACcitation   = "%%CITATION = JTPLA,4,78;%%"
}

@article{Beresinsky:1969qj,
      author         = "Berezinsky, V. S. and Zatsepin, G. T.",
      title          = "{Cosmic rays at ultrahigh-energies (neutrino?)}",
      journal        = "Phys. Lett.",
      volume         = "28B",
      year           = "1969",
      pages          = "423-424",
      doi            = "10.1016/0370-2693(69)90341-4",
      SLACcitation   = "%%CITATION = PHLTA,28B,423;%%"
}


%%%%%%%%%%%%%%%%%%%%%%%%%%%%%%%%%%%%%%%%%%%%%%%%%
%%%%%%%       CrossSection Papers       %%%%%%%%%
%%%%%%%%%%%%%%%%%%%%%%%%%%%%%%%%%%%%%%%%%%%%%%%%%

%Neutrino cross sections and earth interactions (nuFATE?)
@article{Vincent:2017svp,
      author         = "Vincent, Aaron C. and ArgÃ¼elles, Carlos A. and
                        Kheirandish, Ali",
      title          = "{High-energy neutrino attenuation in the Earth and its
                        associated uncertainties}",
      journal        = "JCAP",
      volume         = "1711",
      year           = "2017",
      number         = "11",
      pages          = "012",
      doi            = "10.1088/1475-7516/2017/11/012",
      note           = "[JCAP1711,012(2017)]",
      eprint         = "1706.09895",
      archivePrefix  = "arXiv",
      primaryClass   = "hep-ph",
      SLACcitation   = "%%CITATION = ARXIV:1706.09895;%%"
}

%more cross sections
@article{Katori:2016yel,
      author         = "Katori, Teppei and Martini, Marco",
      title          = "{Neutrinoâ€“nucleus cross sections for oscillation
                        experiments}",
      journal        = "J. Phys.",
      volume         = "G45",
      year           = "2018",
      number         = "1",
      pages          = "013001",
      doi            = "10.1088/1361-6471/aa8bf7",
      eprint         = "1611.07770",
      archivePrefix  = "arXiv",
      primaryClass   = "hep-ph",
      SLACcitation   = "%%CITATION = ARXIV:1611.07770;%%"
}

%more cross sections
@article{AguilarArevalo:2010zc,
      author         = "Aguilar-Arevalo, A. A. and others",
      title          = "{First Measurement of the Muon Neutrino Charged Current
                        Quasielastic Double Differential Cross Section}",
      collaboration  = "MiniBooNE",
      journal        = "Phys. Rev.",
      volume         = "D81",
      year           = "2010",
      pages          = "092005",
      doi            = "10.1103/PhysRevD.81.092005",
      eprint         = "1002.2680",
      archivePrefix  = "arXiv",
      primaryClass   = "hep-ex",
      reportNumber   = "FERMILAB-PUB-10-046-E",
      SLACcitation   = "%%CITATION = ARXIV:1002.2680;%%"
}

%more cross sections
@article{Tzanov:2005kr,
      author         = "Tzanov, M. and others",
      title          = "{Precise measurement of neutrino and anti-neutrino
                        differential cross sections}",
      collaboration  = "NuTeV",
      journal        = "Phys. Rev.",
      volume         = "D74",
      year           = "2006",
      pages          = "012008",
      doi            = "10.1103/PhysRevD.74.012008",
      eprint         = "hep-ex/0509010",
      archivePrefix  = "arXiv",
      primaryClass   = "hep-ex",
      reportNumber   = "FERMILAB-PUB-05-453-E",
      SLACcitation   = "%%CITATION = HEP-EX/0509010;%%"
}

%more cross sections
@article{Li:2017dbe,
      author         = "Li, Z. and others",
      title          = "{Measurement of the tau neutrino cross section in
                        atmospheric neutrino oscillations with Super-Kamiokande}",
      collaboration  = "Super-Kamiokande",
      journal        = "Phys. Rev.",
      volume         = "D98",
      year           = "2018",
      number         = "5",
      pages          = "052006",
      doi            = "10.1103/PhysRevD.98.052006",
      eprint         = "1711.09436",
      archivePrefix  = "arXiv",
      primaryClass   = "hep-ex",
      SLACcitation   = "%%CITATION = ARXIV:1711.09436;%%"
}

%more cross sections
@article{Vogel:1999zy,
      author         = "Vogel, P. and Beacom, John F.",
      title          = "{Angular distribution of neutron inverse beta decay,
                        anti-neutrino(e) + p ---> e+ + n}",
      journal        = "Phys. Rev.",
      volume         = "D60",
      year           = "1999",
      pages          = "053003",
      doi            = "10.1103/PhysRevD.60.053003",
      eprint         = "hep-ph/9903554",
      archivePrefix  = "arXiv",
      primaryClass   = "hep-ph",
      SLACcitation   = "%%CITATION = HEP-PH/9903554;%%"
}

%more cross sections
@article{Kurylov:2002vj,
      author         = "Kurylov, A. and Ramsey-Musolf, M. J. and Vogel, P.",
      title          = "{Radiative corrections to low-energy neutrino reactions}",
      journal        = "Phys. Rev.",
      volume         = "C67",
      year           = "2003",
      pages          = "035502",
      doi            = "10.1103/PhysRevC.67.035502",
      eprint         = "hep-ph/0211306",
      archivePrefix  = "arXiv",
      primaryClass   = "hep-ph",
      SLACcitation   = "%%CITATION = HEP-PH/0211306;%%"
}

%more cross sections
@article{Feng:2017uoz,
      author         = "Feng, Jonathan L. and Galon, Iftah and Kling, Felix and
                        Trojanowski, Sebastian",
      title          = "{ForwArd Search ExpeRiment at the LHC}",
      journal        = "Phys. Rev.",
      volume         = "D97",
      year           = "2018",
      number         = "3",
      pages          = "035001",
      doi            = "10.1103/PhysRevD.97.035001",
      eprint         = "1708.09389",
      archivePrefix  = "arXiv",
      primaryClass   = "hep-ph",
      reportNumber   = "UCI-TR-2017-08",
      SLACcitation   = "%%CITATION = ARXIV:1708.09389;%%"
}

%Neutrino Cross sections
@article{Formaggio:2013kya,
      author         = "Formaggio, J. A. and Zeller, G. P.",
      title          = "{From eV to EeV: Neutrino Cross Sections Across Energy
                        Scales}",
      journal        = "Rev. Mod. Phys.",
      volume         = "84",
      year           = "2012",
      pages          = "1307-1341",
      doi            = "10.1103/RevModPhys.84.1307",
      eprint         = "1305.7513",
      archivePrefix  = "arXiv",
      primaryClass   = "hep-ex",
      reportNumber   = "FERMILAB-PUB-12-785-E",
      SLACcitation   = "%%CITATION = ARXIV:1305.7513;%%"
}



%%%%%%%%%%%%%%%%%%%%%%%%%%%%%%%%%%%%%%%%%%%%%%%%%
%%%%%%%          ANITA Papers           %%%%%%%%%
%%%%%%%%%%%%%%%%%%%%%%%%%%%%%%%%%%%%%%%%%%%%%%%%%
@article{Gorham:2006fy,
      author         = "Gorham, P. W. and others",
      title          = "{Observations of the Askaryan effect in ice}",
      collaboration  = "ANITA",
      journal        = "Phys. Rev. Lett.",
      volume         = "99",
      year           = "2007",
      pages          = "171101",
      doi            = "10.1103/PhysRevLett.99.171101",
      eprint         = "hep-ex/0611008",
      archivePrefix  = "arXiv",
      primaryClass   = "hep-ex",
      reportNumber   = "SLAC-PUB-12286",
      SLACcitation   = "%%CITATION = HEP-EX/0611008;%%"
}

@article{Aab:2014esa,
      author         = "Aab, Alexander and others",
      title          = "{Probing the radio emission from air showers with
                        polarization measurements}",
      collaboration  = "Pierre Auger",
      journal        = "Phys. Rev.",
      volume         = "D89",
      year           = "2014",
      number         = "5",
      pages          = "052002",
      doi            = "10.1103/PhysRevD.89.052002",
      eprint         = "1402.3677",
      archivePrefix  = "arXiv",
      primaryClass   = "astro-ph.HE",
      reportNumber   = "FERMILAB-PUB-14-030-AD-AE-CD-TD",
      SLACcitation   = "%%CITATION = ARXIV:1402.3677;%%"
}

@article{Kahn:1966,
      author         = "Kahn, F. D., and Lerche, I., and Lovell, A.C.B",
      title          = "{Radiation from cosmic ray air showers}",
      collaboration  = "",
      journal        = "Proceedings of the Royal Society of London",
      volume         = "Series A. Mathematical and Physical Sciences",
      year           = "1966",
      number         = "289(1417)",
      pages          = "2-6=213",
      doi            = "10.1098/rspa.1966.0007",
      eprint         = "",
      archivePrefix  = "",
      primaryClass   = "astro-ph.HE",
      reportNumber   = "",
      SLACcitation   = ""
}

%Andrew's Thesis
@phdthesis{Ludwig:2019,
  author       = {Andrew Ludwig}, 
  title        = {Radio Detection of Ultra-High Energy Neutrinos},
  school       = {University of Chicago},
  year         = 2019,
  address      = {},
  month        = 6,
  note         = {}
}

@article{Gorham:2008yk,
      author         = "Gorham, P. W. and others",
      title          = "{New Limits on the Ultra-high Energy Cosmic Neutrino Flux
                        from the ANITA Experiment}",
      collaboration  = "ANITA",
      journal        = "Phys. Rev. Lett.",
      volume         = "103",
      year           = "2009",
      pages          = "051103",
      doi            = "10.1103/PhysRevLett.103.051103",
      eprint         = "0812.2715",
      archivePrefix  = "arXiv",
      primaryClass   = "astro-ph",
      reportNumber   = "SLAC-PUB-14818",
      SLACcitation   = "%%CITATION = ARXIV:0812.2715;%%"
}

@article{Gorham:2010kv,
      author         = "Gorham, P. W. and others",
      title          = "{Observational Constraints on the Ultra-high Energy
                        Cosmic Neutrino Flux from the Second Flight of the ANITA
                        Experiment}",
      collaboration  = "ANITA",
      journal        = "Phys. Rev.",
      volume         = "D82",
      year           = "2010",
      pages          = "022004",
      doi            = "10.1103/PhysRevD.82.022004, 10.1103/PhysRevD.85.049901",
      note           = "[Erratum: Phys. Rev.D85,049901(2012)]",
      eprint         = "1003.2961",
      archivePrefix  = "arXiv",
      primaryClass   = "astro-ph.HE",
      reportNumber   = "arXiv:1011.5004",
      SLACcitation   = "%%CITATION = ARXIV:1003.2961;%%"
}




%AAE are self-inconsistent with ANITA data
@article{Romero-Wolf:2018zxt,
      author         = "Romero-Wolf, A. and others",
      title          = "{A comprehensive analysis of anomalous ANITA events
                        disfavors a diffuse tau-neutrino flux origin}",
      year           = "2018",
      eprint         = "1811.07261",
      archivePrefix  = "arXiv",
      primaryClass   = "astro-ph.HE",
      SLACcitation   = "%%CITATION = ARXIV:1811.07261;%%"
}

%AAE from ANITA-III
@article{Gorham:2018ydl,
      author         = "Gorham, P. W. and others",
      title          = "{Observation of an Unusual Upward-going Cosmic-ray-like
                        Event in the Third Flight of ANITA}",
      collaboration  = "ANITA",
      journal        = "Phys. Rev. Lett.",
      volume         = "121",
      year           = "2018",
      number         = "16",
      pages          = "161102",
      doi            = "10.1103/PhysRevLett.121.161102",
      eprint         = "1803.05088",
      archivePrefix  = "arXiv",
      primaryClass   = "astro-ph.HE",
      SLACcitation   = "%%CITATION = ARXIV:1803.05088;%%"
}

%AAE from ANITA-III
@article{Gorham:2016zah,
      author         = "Gorham, P. W. and others",
      title          = "{Characteristics of Four Upward-pointing Cosmic-ray-like
                        Events Observed with ANITA}",
      collaboration  = "ANITA",
      journal        = "Phys. Rev. Lett.",
      volume         = "117",
      year           = "2016",
      number         = "7",
      pages          = "071101",
      doi            = "10.1103/PhysRevLett.117.071101",
      eprint         = "1603.05218",
      archivePrefix  = "arXiv",
      primaryClass   = "astro-ph.HE",
      SLACcitation   = "%%CITATION = ARXIV:1603.05218;%%"
}

%ANITA-I
@article{Hoover:2010qt,
      author         = "Hoover, S. and others",
      title          = "{Observation of Ultra-high-energy Cosmic Rays with the
                        ANITA Balloon-borne Radio Interferometer}",
      collaboration  = "ANITA",
      journal        = "Phys. Rev. Lett.",
      volume         = "105",
      year           = "2010",
      pages          = "151101",
      doi            = "10.1103/PhysRevLett.105.151101",
      eprint         = "1005.0035",
      archivePrefix  = "arXiv",
      primaryClass   = "astro-ph.HE",
      SLACcitation   = "%%CITATION = ARXIV:1005.0035;%%"
}

%Constraints on GZK
@article{Allison:2018cxu,
      author         = "Gorham, P. W. and others",
      title          = "{Constraints on the diffuse high-energy neutrino flux
                        from the third flight of ANITA}",
      collaboration  = "ANITA",
      journal        = "Phys. Rev.",
      volume         = "D98",
      year           = "2018",
      number         = "2",
      pages          = "022001",
      doi            = "10.1103/PhysRevD.98.022001",
      eprint         = "1803.02719",
      archivePrefix  = "arXiv",
      primaryClass   = "astro-ph.HE",
      SLACcitation   = "%%CITATION = ARXIV:1803.02719;%%"
}

%ANITA could be from ice properties
@article{Shoemaker:2019xlt,
      author         = "Shoemaker, Ian M. and Kusenko, Alexander and Munneke,
                        Peter Kuipers and Romero-Wolf, Andrew and Schroeder,
                        Dustin M. and Siegert, Martin J.",
      title          = "{Reflections On the Anomalous ANITA Events: The Antarctic
                        Subsurface as a Possible Explanation}",
      year           = "2019",
      eprint         = "1905.02846",
      archivePrefix  = "arXiv",
      primaryClass   = "astro-ph.HE",
      SLACcitation   = "%%CITATION = ARXIV:1905.02846;%%"
}

@article{Feng:2001ue,
      author         = "Feng, Jonathan L. and Fisher, Peter and Wilczek, Frank
                        and Yu, Terri M.",
      title          = "{Observability of earth skimming ultrahigh-energy
                        neutrinos}",
      journal        = "Phys. Rev. Lett.",
      volume         = "88",
      year           = "2002",
      pages          = "161102",
      doi            = "10.1103/PhysRevLett.88.161102",
      eprint         = "hep-ph/0105067",
      archivePrefix  = "arXiv",
      primaryClass   = "hep-ph",
      reportNumber   = "MIT-CTP-3122, MIT-LNS-01-294",
      SLACcitation   = "%%CITATION = HEP-PH/0105067;%%"
}

%Steriles explain AAE
@article{Cherry:2018rxj,
      author         = "Cherry, John F. and Shoemaker, Ian M.",
      title          = "{Sterile neutrino origin for the upward directed cosmic
                        ray showers detected by ANITA}",
      journal        = "Phys. Rev.",
      volume         = "D99",
      year           = "2019",
      number         = "6",
      pages          = "063016",
      doi            = "10.1103/PhysRevD.99.063016",
      eprint         = "1802.01611",
      archivePrefix  = "arXiv",
      primaryClass   = "hep-ph",
      SLACcitation   = "%%CITATION = ARXIV:1802.01611;%%"
}
@article{Huang:2018als,
      author         = "Huang, Guo-yuan",
      title          = "{Sterile neutrinos as a possible explanation for the
                        upward air shower events at ANITA}",
      journal        = "Phys. Rev.",
      volume         = "D98",
      year           = "2018",
      number         = "4",
      pages          = "043019",
      doi            = "10.1103/PhysRevD.98.043019",
      eprint         = "1804.05362",
      archivePrefix  = "arXiv",
      primaryClass   = "hep-ph",
      SLACcitation   = "%%CITATION = ARXIV:1804.05362;%%"
}

%AAE and CPT
@article{Anchordoqui:2018ucj,
      author         = "Anchordoqui, Luis A. and Barger, Vernon and Learned, John
                        G. and Marfatia, Danny and Weiler, Thomas J.",
      title          = "{Upgoing ANITA events as evidence of the CPT symmetric
                        universe}",
      journal        = "LHEP",
      volume         = "1",
      year           = "2018",
      number         = "1",
      pages          = "13-16",
      doi            = "10.31526/LHEP.1.2018.03",
      eprint         = "1803.11554",
      archivePrefix  = "arXiv",
      primaryClass   = "hep-ph",
      SLACcitation   = "%%CITATION = ARXIV:1803.11554;%%"
}

%AAE Gravitino supersymmetry
@article{Dudas:2018npp,
      author         = "Dudas, Emilian and Gherghetta, Tony and Kaneta, Kunio and
                        Mambrini, Yann and Olive, Keith A.",
      title          = "{Gravitino decay in high scale supersymmetry with R
                        -parity violation}",
      journal        = "Phys. Rev.",
      volume         = "D98",
      year           = "2018",
      number         = "1",
      pages          = "015030",
      doi            = "10.1103/PhysRevD.98.015030",
      eprint         = "1805.07342",
      archivePrefix  = "arXiv",
      primaryClass   = "hep-ph",
      reportNumber   = "CPHT-RR034.052018, UMN--TH--3718/18, FTPI--MINN--18/08,
                        LPT-Orsay-18-62, UMN--TH--3718-18, FTPI--MINN--18-08,
                        LPT-ORSAY-18-62",
      SLACcitation   = "%%CITATION = ARXIV:1805.07342;%%"
}

%AAE supersymmetry
@article{Connolly:2018ewv,
      author         = "Connolly, Amy and Allison, Patrick and Banerjee, Oindree",
      title          = "{On ANITA's sensitivity to long-lived, charged massive
                        particles}",
      year           = "2018",
      eprint         = "1807.08892",
      archivePrefix  = "arXiv",
      primaryClass   = "astro-ph.HE",
      SLACcitation   = "%%CITATION = ARXIV:1807.08892;%%"
}
@article{Fox:2018syq,
      author         = "Fox, Derek B. and Sigurdsson, Steinn and Shandera, Sarah
                        and MÃ©szÃ¡ros, Peter and Murase, Kohta and MostafÃ¡,
                        Miguel and Coutu, Stephane",
      title          = "{The ANITA Anomalous Events as Signatures of a Beyond
                        Standard Model Particle, and Supporting Observations from
                        IceCube}",
      journal        = "Submitted to: Phys. Rev. D",
      year           = "2018",
      eprint         = "1809.09615",
      archivePrefix  = "arXiv",
      primaryClass   = "astro-ph.HE",
      SLACcitation   = "%%CITATION = ARXIV:1809.09615;%%"
}
@article{Collins:2018jpg,
      author         = "Collins, Jack H. and Bhupal Dev, P. S. and Sui, Yicong",
      title          = "{R-parity Violating Supersymmetric Explanation of the
                        Anomalous Events at ANITA}",
      journal        = "Phys. Rev.",
      volume         = "D99",
      year           = "2019",
      number         = "4",
      pages          = "043009",
      doi            = "10.1103/PhysRevD.99.043009",
      eprint         = "1810.08479",
      archivePrefix  = "arXiv",
      primaryClass   = "hep-ph",
      SLACcitation   = "%%CITATION = ARXIV:1810.08479;%%"
}

%Axions
@article{Esteban:2019hcm,
      author         = "Esteban, Ivan and Lopez-Pavon, Jacobo and Martinez-Soler,
                        Ivan and Salvado, Jordi",
      title          = "{Looking at the axionic dark sector with ANITA}",
      year           = "2019",
      eprint         = "1905.10372",
      archivePrefix  = "arXiv",
      primaryClass   = "hep-ph",
      reportNumber   = "FTUV-19-0523.2645, IFIC/19-14, FERMILAB-PUB-19-241-T,
                        NUHEP-TH/19-06",
      SLACcitation   = "%%CITATION = ARXIV:1905.10372;%%"
}

%ANITA-IV UHE limits
@article{Gorham:2019guw,
      author         = "Gorham, P. W. and others",
      title          = "{Constraints on the ultrahigh-energy cosmic neutrino flux
                        from the fourth flight of ANITA}",
      collaboration  = "ANITA",
      journal        = "Phys. Rev.",
      volume         = "D99",
      year           = "2019",
      number         = "12",
      pages          = "122001",
      doi            = "10.1103/PhysRevD.99.122001",
      eprint         = "1902.04005",
      archivePrefix  = "arXiv",
      primaryClass   = "astro-ph.HE",
      SLACcitation   = "%%CITATION = ARXIV:1902.04005;%%"
}










%%%%%%%%%%%%%%%%%%%%%%%%%%%%%%%%%%%%%%%%%%%%%%%%%
%%%%%%%          Radio Papers           %%%%%%%%%
%%%%%%%%%%%%%%%%%%%%%%%%%%%%%%%%%%%%%%%%%%%%%%%%%
%POEMMA effective area
@article{Reno:2019jtr,
      author         = "Reno, Mary Hall and Krizmanic, John F. and Venters, Tonia
                        M.",
      title          = "{Cosmic tau neutrino detection via Cherenkov signals from
                        air showers from Earth-emerging taus}",
      year           = "2019",
      eprint         = "1902.11287",
      archivePrefix  = "arXiv",
      primaryClass   = "astro-ph.HE",
      SLACcitation   = "%%CITATION = ARXIV:1902.11287;%%"
}

%POEMMA Transients 
@article{Venters:2019xwi,
      author         = "Venters, Tonia M. and Reno, Mary Hall and Krizmanic, John
                        F. and Anchordoqui, Luis A. and GuÃ©pin, Claire and
                        Olinto, Angela V.",
      title          = "{POEMMA's Target of Opportunity Sensitivity to Cosmic
                        Neutrino Transient Sources}",
      year           = "2019",
      eprint         = "1906.07209",
      archivePrefix  = "arXiv",
      primaryClass   = "astro-ph.HE",
      SLACcitation   = "%%CITATION = ARXIV:1906.07209;%%"
}

%ARIANNA Cosmogenic first search
@article{Barwick:2014pca,
      author         = "Barwick, S. W. and others",
      title          = "{A First Search for Cosmogenic Neutrinos with the ARIANNA
                        Hexagonal Radio Array}",
      collaboration  = "ARIANNA",
      journal        = "Astropart. Phys.",
      volume         = "70",
      year           = "2015",
      pages          = "12-26",
      doi            = "10.1016/j.astropartphys.2015.04.002",
      eprint         = "1410.7352",
      archivePrefix  = "arXiv",
      primaryClass   = "astro-ph.HE",
      SLACcitation   = "%%CITATION = ARXIV:1410.7352;%%"
}

%ARA Cosmogenic first search
@article{Allison:2015eky,
      author         = "Allison, P. and others",
      title          = "{Performance of two Askaryan Radio Array stations and
                        first results in the search for ultrahigh energy
                        neutrinos}",
      collaboration  = "ARA",
      journal        = "Phys. Rev.",
      volume         = "D93",
      year           = "2016",
      number         = "8",
      pages          = "082003",
      doi            = "10.1103/PhysRevD.93.082003",
      eprint         = "1507.08991",
      archivePrefix  = "arXiv",
      primaryClass   = "astro-ph.HE",
      SLACcitation   = "%%CITATION = ARXIV:1507.08991;%%"
}

%%%%%%%%%%%%%%%%%%%%%%%%%%%%%%%%%%%%%%%%%%%%%%%%%
%%%%%%%            Tau Papers           %%%%%%%%%
%%%%%%%%%%%%%%%%%%%%%%%%%%%%%%%%%%%%%%%%%%%%%%%%%
%Francis regeneration
@article{Halzen:1998be,
      author         = "Halzen, F. and Saltzberg, D.",
      title          = "{Tau-neutrino appearance with a 1000 megaparsec
                        baseline}",
      journal        = "Phys. Rev. Lett.",
      volume         = "81",
      year           = "1998",
      pages          = "4305-4308",
      doi            = "10.1103/PhysRevLett.81.4305",
      eprint         = "hep-ph/9804354",
      archivePrefix  = "arXiv",
      primaryClass   = "hep-ph",
      reportNumber   = "MADPH-98-1055, UCLA-HEP-98-001",
      SLACcitation   = "%%CITATION = HEP-PH/9804354;%%"
}

%Bjorken-x and tau stuff
@article{Kwiecinski:1998yf,
      author         = "Kwiecinski, J. and Martin, Alan D. and Stasto, A. M.",
      title          = "{Penetration of the earth by ultrahigh-energy neutrinos
                        predicted by low x QCD}",
      journal        = "Phys. Rev.",
      volume         = "D59",
      year           = "1999",
      pages          = "093002",
      doi            = "10.1103/PhysRevD.59.093002",
      eprint         = "astro-ph/9812262",
      archivePrefix  = "arXiv",
      primaryClass   = "astro-ph",
      reportNumber   = "DTP-98-98",
      SLACcitation   = "%%CITATION = ASTRO-PH/9812262;%%"
}

%MHR Tau paper
@article{Jeong:2017mzv,
      author         = "Jeong, Yu Seon and Luu, Minh Vu and Reno, Mary Hall and
                        Sarcevic, Ina",
      title          = "{Tau energy loss and ultrahigh energy skimming tau
                        neutrinos}",
      journal        = "Phys. Rev.",
      volume         = "D96",
      year           = "2017",
      number         = "4",
      pages          = "043003",
      doi            = "10.1103/PhysRevD.96.043003",
      eprint         = "1704.00050",
      archivePrefix  = "arXiv",
      primaryClass   = "hep-ph",
      SLACcitation   = "%%CITATION = ARXIV:1704.00050;%%"
}

%Old regeneration papers
@article{Dutta:2000jv,
      author         = "Dutta, Sharada Iyer and Reno, Mary Hall and Sarcevic,
                        Ina",
      title          = "{Tau neutrinos underground: Signals of muon-neutrino --->
                        tau neutrino oscillations with extragalactic neutrinos}",
      journal        = "Phys. Rev.",
      volume         = "D62",
      year           = "2000",
      pages          = "123001",
      doi            = "10.1103/PhysRevD.62.123001",
      eprint         = "hep-ph/0005310",
      archivePrefix  = "arXiv",
      primaryClass   = "hep-ph",
      SLACcitation   = "%%CITATION = HEP-PH/0005310;%%"
}

%Old regeneration papers
@article{Beacom:2001xn,
      author         = "Beacom, John F. and Crotty, Patrick and Kolb, Edward W.",
      title          = "{Enhanced signal of astrophysical tau neutrinos
                        propagating through earth}",
      journal        = "Phys. Rev.",
      volume         = "D66",
      year           = "2002",
      pages          = "021302",
      doi            = "10.1103/PhysRevD.66.021302",
      eprint         = "astro-ph/0111482",
      archivePrefix  = "arXiv",
      primaryClass   = "astro-ph",
      reportNumber   = "FERMILAB-PUB-01-364-A, CERN-TH-2001-335",
      SLACcitation   = "%%CITATION = ASTRO-PH/0111482;%%"
}

%Old regeneration papers
@article{Dutta:2002zc,
      author         = "Dutta, Sharada Iyer and Reno, Mary Hall and Sarcevic,
                        Ina",
      title          = "{Secondary neutrinos from tau neutrino interactions in
                        earth}",
      journal        = "Phys. Rev.",
      volume         = "D66",
      year           = "2002",
      pages          = "077302",
      doi            = "10.1103/PhysRevD.66.077302",
      eprint         = "hep-ph/0207344",
      archivePrefix  = "arXiv",
      primaryClass   = "hep-ph",
      SLACcitation   = "%%CITATION = HEP-PH/0207344;%%"
}

%Old regeneration papers
@article{Dutta:2005yt,
      author         = "Dutta, Sharada Iyer and Huang, Yiwen and Reno, Mary Hall",
      title          = "{Tau neutrino propagation and tau energy loss}",
      journal        = "Phys. Rev.",
      volume         = "D72",
      year           = "2005",
      pages          = "013005",
      doi            = "10.1103/PhysRevD.72.013005",
      eprint         = "hep-ph/0504208",
      archivePrefix  = "arXiv",
      primaryClass   = "hep-ph",
      SLACcitation   = "%%CITATION = HEP-PH/0504208;%%"
}

%Old regeneration papers
@article{Yoshida:2003js,
      author         = "Yoshida, Shigeru and Ishibashi, Rie and Miyamoto, Hiroko",
      title          = "{Propagation of extremely - high energy leptons in the
                        earth: Implications to their detection by the IceCube
                        Neutrino Telescope}",
      journal        = "Phys. Rev.",
      volume         = "D69",
      year           = "2004",
      pages          = "103004",
      doi            = "10.1103/PhysRevD.69.103004",
      eprint         = "astro-ph/0312078",
      archivePrefix  = "arXiv",
      primaryClass   = "astro-ph",
      SLACcitation   = "%%CITATION = ASTRO-PH/0312078;%%"
}

%Old regeneration papers
@article{Bottai:2002nn,
      author         = "Bottai, S. and Giurgola, S.",
      title          = "{UHE and EHE neutrino induced taus inside the Earth}",
      journal        = "Astropart. Phys.",
      volume         = "18",
      year           = "2003",
      pages          = "539-549",
      doi            = "10.1016/S0927-6505(02)00165-2",
      eprint         = "astro-ph/0205325",
      archivePrefix  = "arXiv",
      primaryClass   = "astro-ph",
      SLACcitation   = "%%CITATION = ASTRO-PH/0205325;%%"
}

%Old regeneration papers
@article{Giesel:2003hj,
      author         = "Giesel, Kristina and Jureit, J. H. and Reya, E.",
      title          = "{Cosmic UHE neutrino signatures}",
      journal        = "Astropart. Phys.",
      volume         = "20",
      year           = "2003",
      pages          = "335-360",
      doi            = "10.1016/S0927-6505(03)00191-9",
      eprint         = "astro-ph/0303252",
      archivePrefix  = "arXiv",
      primaryClass   = "astro-ph",
      reportNumber   = "DO-TH-2003-03",
      SLACcitation   = "%%CITATION = ASTRO-PH/0303252;%%"
}

%Old regeneration papers
@article{Bugaev:2003sw,
      author         = "Bugaev, Edgar and Montaruli, Teresa and Shlepin, Yuri and
                        Sokalski, Igor A.",
      title          = "{Propagation of tau neutrinos and tau leptons through the
                        earth and their detection in underwater / ice neutrino
                        telescopes}",
      journal        = "Astropart. Phys.",
      volume         = "21",
      year           = "2004",
      pages          = "491-509",
      doi            = "10.1016/j.astropartphys.2004.03.002",
      eprint         = "hep-ph/0312295",
      archivePrefix  = "arXiv",
      primaryClass   = "hep-ph",
      SLACcitation   = "%%CITATION = HEP-PH/0312295;%%"
}


%%%%%%%%%%%%%%%%%%%%%%%%%%%%%%%%%%%%%%%%%%%%%%%%%
%%%%%%%          Novae Papers           %%%%%%%%%
%%%%%%%%%%%%%%%%%%%%%%%%%%%%%%%%%%%%%%%%%%%%%%%%%
%Hard x rays and novae x-ray xray
@article{Nelson:2018hjb,
      author         = "Nelson, Thomas and Mukai, Koji and Li, Kwan-Lok and Vurm,
                        Indrek and Metzger, Brian D. and Chomiuk, Laura and
                        Sokoloski, J. L. and Linford, Justin D. and Bohlsen, Terry
                        and Luckas, Paul",
      title          = "{NuSTAR Detection of X-rays Concurrent with Gamma Rays in
                        the Nova V5855 Sgr}",
      journal        = "Astrophys. J.",
      volume         = "872",
      year           = "2019",
      number         = "1",
      pages          = "86",
      doi            = "10.3847/1538-4357/aafb6d",
      eprint         = "1901.00030",
      archivePrefix  = "arXiv",
      primaryClass   = "astro-ph.HE",
      SLACcitation   = "%%CITATION = ARXIV:1901.00030;%%"
}

%Astro2020 white paper
@article{Chomiuk:2019okh,
      author         = "Chomiuk, Laura and others",
      title          = "{Astro2020 Science White Paper: A Shocking Shift in
                        Paradigm for Classical Novae}",
      year           = "2019",
      eprint         = "1903.08134",
      archivePrefix  = "arXiv",
      primaryClass   = "astro-ph.HE",
      SLACcitation   = "%%CITATION = ARXIV:1903.08134;%%"
}

%Metzger Novae neutrino emission CTA and IceCube
@article{Metzger:2015zka,
      author         = "Metzger, Brian D. and Caprioli, Damiano and Vurm, Indrek
                        and Beloborodov, Andrei M. and Bartos, Imre and Vlasov,
                        Andrey",
      title          = "{Novae as Tevatrons: Prospects for CTA and IceCube}",
      journal        = "Mon. Not. Roy. Astron. Soc.",
      volume         = "457",
      year           = "2016",
      number         = "2",
      pages          = "1786-1795",
      doi            = "10.1093/mnras/stw123",
      eprint         = "1510.07639",
      archivePrefix  = "arXiv",
      primaryClass   = "astro-ph.HE",
      SLACcitation   = "%%CITATION = ARXIV:1510.07639;%%"
}

%IceCube oscillation analysis GRECO
@article{Aartsen:2019tjl,
      author         = "Aartsen, M. G. and others",
      title          = "{Measurement of Atmospheric Tau Neutrino Appearance with
                        IceCube DeepCore}",
      collaboration  = "IceCube",
      journal        = "Phys. Rev.",
      volume         = "D99",
      year           = "2019",
      number         = "3",
      pages          = "032007",
      doi            = "10.1103/PhysRevD.99.032007",
      eprint         = "1901.05366",
      archivePrefix  = "arXiv",
      primaryClass   = "hep-ex",
      SLACcitation   = "%%CITATION = ARXIV:1901.05366;%%"
}

%IceCube oscillations 
@article{Aartsen:2017nmd,
      author         = "Aartsen, M. G. and others",
      title          = "{Measurement of Atmospheric Neutrino Oscillations at
                        6â€“56 GeV with IceCube DeepCore}",
      collaboration  = "IceCube",
      journal        = "Phys. Rev. Lett.",
      volume         = "120",
      year           = "2018",
      number         = "7",
      pages          = "071801",
      doi            = "10.1103/PhysRevLett.120.071801",
      eprint         = "1707.07081",
      archivePrefix  = "arXiv",
      primaryClass   = "hep-ex",
      SLACcitation   = "%%CITATION = ARXIV:1707.07081;%%"
}

%Fermi discovers novae in gamma rays
@article{Ackermann:2014vfa,
      author         = "Ackermann, M. and others",
      title          = "{Fermi Establishes Classical Novae as a Distinct Class of
                        Gamma-Ray Sources}",
      collaboration  = "Fermi-LAT",
      journal        = "Science",
      volume         = "345",
      year           = "2014",
      pages          = "554-558",
      doi            = "10.1126/science.1253947",
      eprint         = "1408.0735",
      archivePrefix  = "arXiv",
      primaryClass   = "astro-ph.HE",
      SLACcitation   = "%%CITATION = ARXIV:1408.0735;%%"
}

%Gamma rays from symbiotic novae
@article{Abdo:2010he,
      author         = "Abdo, A. A. and others",
      title          = "{Gamma-Ray Emission Concurrent with the Nova in the
                        Symbiotic Binary V407 Cygni}",
      journal        = "Science",
      volume         = "329",
      year           = "2010",
      pages          = "817-821",
      doi            = "10.1126/science.1192537",
      eprint         = "1008.3912",
      archivePrefix  = "arXiv",
      primaryClass   = "astro-ph.HE",
      SLACcitation   = "%%CITATION = ARXIV:1008.3912;%%"
}

@article{Morgan:2019qyc,
      author         = "Morgan, R. and others",
      title          = "{A DECam Search for Explosive Optical Transients
                        Associated with IceCube Neutrinos}",
      collaboration  = "DES",
      journal        = "Astrophys. J.",
      volume         = "883",
      year           = "2019",
      pages          = "125",
      doi            = "10.3847/1538-4357/ab3a45",
      eprint         = "1907.07193",
      archivePrefix  = "arXiv",
      primaryClass   = "astro-ph.HE",
      reportNumber   = "FERMILAB-PUB-19-342-AE, DES-2018-0408",
      SLACcitation   = "%%CITATION = ARXIV:1907.07193;%%"
}

%Fermi discovered Gamma-ray novae
%8 gamma-ray detected novae by Fermi-LAT
%Figure 4 gamma-ray spectra vs. energy could be helpful
@article{Franckowiak:2017iwj,
      author         = "Franckowiak, A. and Jean, P. and Wood, M. and Cheung, C.
                        C. and Buson, S.",
      title          = "{Search for Gamma-ray Emission from Galactic Novae with
                        the Fermi-LAT}",
      journal        = "Astron. Astrophys.",
      volume         = "609",
      year           = "2018",
      pages          = "A120",
      doi            = "10.1051/0004-6361/201731516",
      eprint         = "1710.04736",
      archivePrefix  = "arXiv",
      primaryClass   = "astro-ph.HE",
      SLACcitation   = "%%CITATION = ARXIV:1710.04736;%%"
}

%Describing Novae with Shocks
@article{Li:2017crr,
      author         = "Li, Kwan-Lok and others",
      title          = "{A Nova Outburst Powered by Shocks}",
      journal        = "Nat. Astron.",
      volume         = "1",
      year           = "2017",
      number         = "10",
      pages          = "697-702",
      doi            = "10.1038/s41550-017-0222-1",
      eprint         = "1709.00763",
      archivePrefix  = "arXiv",
      primaryClass   = "astro-ph.HE",
      SLACcitation   = "%%CITATION = ARXIV:1709.00763;%%"
}

%Novae with shocks
@article{Derdzinski:2016cuw,
      author         = "Derdzinski, Andrea M. and Metzger, Brian D. and Lazzati,
                        Davide",
      title          = "{Radiative shocks create environments for dust formation
                        in classical novae}",
      journal        = "Mon. Not. Roy. Astron. Soc.",
      volume         = "469",
      year           = "2017",
      number         = "2",
      pages          = "1314-1329",
      doi            = "10.1093/mnras/stx829",
      eprint         = "1610.02401",
      archivePrefix  = "arXiv",
      primaryClass   = "astro-ph.SR",
      SLACcitation   = "%%CITATION = ARXIV:1610.02401;%%"
}

%Metzger shocks novae neutrinos
@article{Vurm:2016zea,
      author         = "Vurm, Indrek and Metzger, Brian D.",
      title          = "{High-energy Emission from Nonrelativistic Radiative
                        Shocks: Application to Gamma-Ray Novae}",
      journal        = "Astrophys. J.",
      volume         = "852",
      year           = "2018",
      number         = "1",
      pages          = "62",
      doi            = "10.3847/1538-4357/aa9c4a",
      eprint         = "1611.04532",
      archivePrefix  = "arXiv",
      primaryClass   = "astro-ph.HE",
      SLACcitation   = "%%CITATION = ARXIV:1611.04532;%%"
}


%%%%%%%%%%%%%%%%%%%%%%%%%%%%%%%%%%%%%%%%%%%%%%%%%
%%%%%%%     Cosmogenic Papers           %%%%%%%%%
%%%%%%%%%%%%%%%%%%%%%%%%%%%%%%%%%%%%%%%%%%%%%%%%%
%Allowable Parameter Space
@article{Kotera:2010yn,
      author         = "Kotera, K. and Allard, D. and Olinto, A. V.",
      title          = "{Cosmogenic Neutrinos: parameter space and detectabilty
                        from PeV to ZeV}",
      journal        = "JCAP",
      volume         = "1010",
      year           = "2010",
      pages          = "013",
      doi            = "10.1088/1475-7516/2010/10/013",
      eprint         = "1009.1382",
      archivePrefix  = "arXiv",
      primaryClass   = "astro-ph.HE",
      SLACcitation   = "%%CITATION = ARXIV:1009.1382;%%"
}

%Ahlers fit using HiRes data Cosmogenic
@article{Ahlers:2010fw,
      author         = "Ahlers, M. and Anchordoqui, L. A. and Gonzalez-Garcia, M.
                        C. and Halzen, F. and Sarkar, S.",
      title          = "{GZK Neutrinos after the Fermi-LAT Diffuse Photon Flux
                        Measurement}",
      journal        = "Astropart. Phys.",
      volume         = "34",
      year           = "2010",
      pages          = "106-115",
      doi            = "10.1016/j.astropartphys.2010.06.003",
      eprint         = "1005.2620",
      archivePrefix  = "arXiv",
      primaryClass   = "astro-ph.HE",
      reportNumber   = "YITP-SB-10-014",
      SLACcitation   = "%%CITATION = ARXIV:1005.2620;%%"
}

%Francis and Markus Minimal Cosmogenics
@article{Ahlers:2012rz,
      author         = "Ahlers, Markus and Halzen, Francis",
      title          = "{Minimal Cosmogenic Neutrinos}",
      journal        = "Phys. Rev.",
      volume         = "D86",
      year           = "2012",
      pages          = "083010",
      doi            = "10.1103/PhysRevD.86.083010",
      eprint         = "1208.4181",
      archivePrefix  = "arXiv",
      primaryClass   = "astro-ph.HE",
      SLACcitation   = "%%CITATION = ARXIV:1208.4181;%%"
}

%Allowable GZK/cosmogenic parameter space
@article{Heinze:2019jou,
      author         = "Heinze, Jonas and Fedynitch, Anatoli and Boncioli, Denise
                        and Winter, Walter",
      title          = "{A new view on Auger data and cosmogenic neutrinos in
                        light of different nuclear disintegration and air-shower
                        models}",
      journal        = "Astrophys. J.",
      volume         = "873",
      year           = "2019",
      number         = "1",
      pages          = "88",
      doi            = "10.3847/1538-4357/ab05ce",
      eprint         = "1901.03338",
      archivePrefix  = "arXiv",
      primaryClass   = "astro-ph.HE",
      reportNumber   = "DESY-19-016",
      SLACcitation   = "%%CITATION = ARXIV:1901.03338;%%"
}

%GZK bottom-up models
@incollection{Murase:2015ndr,
      author         = "Murase, Kohta",
      title          = "{Active Galactic Nuclei as High-Energy Neutrino Sources}",
      editor         = "Gaisser, Thomas and Karle, Albrecht",
      booktitle      = "Neutrino Astronomy: Current Status, Future Prospects",
      year           = "2017",
      pages          = "15-31",
      doi            = "10.1142/9789814759410_0002",
      eprint         = "1511.01590",
      archivePrefix  = "arXiv",
      primaryClass   = "astro-ph.HE",
      SLACcitation   = "%%CITATION = ARXIV:1511.01590;%%"
}

@article{Murase:2014foa,
      author         = "Murase, Kohta and Inoue, Yoshiyuki and Dermer, Charles
                        D.",
      title          = "{Diffuse Neutrino Intensity from the Inner Jets of Active
                        Galactic Nuclei: Impacts of External Photon Fields and the
                        Blazar Sequence}",
      journal        = "Phys. Rev.",
      volume         = "D90",
      year           = "2014",
      number         = "2",
      pages          = "023007",
      doi            = "10.1103/PhysRevD.90.023007",
      eprint         = "1403.4089",
      archivePrefix  = "arXiv",
      primaryClass   = "astro-ph.HE",
      SLACcitation   = "%%CITATION = ARXIV:1403.4089;%%"
}

@article{Fang:2013vla,
      author         = "Fang, Ke and Kotera, Kumiko and Murase, Kohta and Olinto,
                        Angela V.",
      title          = "{Testing the Newborn Pulsar Origin of Ultrahigh Energy
                        Cosmic Rays with EeV Neutrinos}",
      journal        = "Phys. Rev.",
      volume         = "D90",
      year           = "2014",
      number         = "10",
      pages          = "103005",
      doi            = "10.1103/PhysRevD.90.103005, 10.1103/PhysRevD.92.129901",
      note           = "[Phys. Rev.D90,103005(2014)]",
      eprint         = "1311.2044",
      archivePrefix  = "arXiv",
      primaryClass   = "astro-ph.HE",
      SLACcitation   = "%%CITATION = ARXIV:1311.2044;%%"
}

@article{Boncioli:2018lrv,
      author         = "Boncioli, Denise and Biehl, Daniel and Winter, Walter",
      title          = "{On the common origin of cosmic rays across the ankle and
                        diffuse neutrinos at the highest energies from
                        low-luminosity Gamma-Ray Bursts}",
      journal        = "Astrophys. J.",
      volume         = "872",
      year           = "2019",
      number         = "1",
      pages          = "110",
      doi            = "10.3847/1538-4357/aafda7",
      eprint         = "1808.07481",
      archivePrefix  = "arXiv",
      primaryClass   = "astro-ph.HE",
      reportNumber   = "DESY-18-147",
      SLACcitation   = "%%CITATION = ARXIV:1808.07481;%%"
}

@article{Biehl:2017hnb,
      author         = "Biehl, Daniel and Boncioli, Denise and Lunardini, Cecilia
                        and Winter, Walter",
      title          = "{Tidally disrupted stars as a possible origin of both
                        cosmic rays and neutrinos at the highest energies}",
      journal        = "Sci. Rep.",
      volume         = "8",
      year           = "2018",
      number         = "1",
      pages          = "10828",
      doi            = "10.1038/s41598-018-29022-4",
      eprint         = "1711.03555",
      archivePrefix  = "arXiv",
      primaryClass   = "astro-ph.HE",
      reportNumber   = "DESY-17-205",
      SLACcitation   = "%%CITATION = ARXIV:1711.03555;%%"
}


%%%%%%%%%%%%%%%%%%%%%%%%%%%%%%%%%%%%%%%%%%%%%%%%%
%%%%%%%             FRB Papers          %%%%%%%%%
%%%%%%%%%%%%%%%%%%%%%%%%%%%%%%%%%%%%%%%%%%%%%%%%%
%estimated all-sky rate of detectable FRBs is on the order of thousands per day
@article{Callister:2016vtl,
      author         = "Callister, Thomas and Kanner, Jonah and Weinstein, Alan",
      title          = "{Gravitational-Wave Constraints on the Progenitors of
                        Fast Radio Bursts}",
      journal        = "Astrophys. J.",
      volume         = "825",
      year           = "2016",
      number         = "1",
      pages          = "L12",
      doi            = "10.3847/2041-8205/825/1/L12",
      eprint         = "1603.08867",
      archivePrefix  = "arXiv",
      primaryClass   = "astro-ph.HE",
      SLACcitation   = "%%CITATION = ARXIV:1603.08867;%%"
}

%SNDAQ
@article{Abbasi:2011ss,
      author         = "Abbasi, R. and others",
      title          = "{IceCube Sensitivity for Low-Energy Neutrinos from Nearby
                        Supernovae}",
      collaboration  = "IceCube",
      journal        = "Astron. Astrophys.",
      volume         = "535",
      year           = "2011",
      pages          = "A109",
      doi            = "10.1051/0004-6361/201117810e,
                        10.1051/0004-6361/201117810",
      note           = "[Erratum: Astron. Astrophys.563,C1(2014)]",
      eprint         = "1108.0171",
      archivePrefix  = "arXiv",
      primaryClass   = "astro-ph.HE",
      SLACcitation   = "%%CITATION = ARXIV:1108.0171;%%"
}

%Listing all of the different models of FRBs
@article{Platts:2018hiy,
      author         = "Platts, E. and Weltman, A. and Walters, A. and Tendulkar,
                        S. P. and Gordin, J. E. B. and Kandhai, S.",
      title          = "{A Living Theory Catalogue for Fast Radio Bursts}",
      year           = "2018",
      eprint         = "1810.05836",
      archivePrefix  = "arXiv",
      primaryClass   = "astro-ph.HE",
      SLACcitation   = "%%CITATION = ARXIV:1810.05836;%%"
}

%FRBcat
@article{Petroff:2016tcr,
      author         = "Petroff, E. and Barr, E. D. and Jameson, A. and Keane, E.
                        F. and Bailes, M. and Kramer, M. and Morello, V. and
                        Tabbara, D. and van Straten, W.",
      title          = "{FRBCAT: The Fast Radio Burst Catalogue}",
      journal        = "Publ. Astron. Soc. Austral.",
      volume         = "33",
      year           = "2016",
      pages          = "e045",
      doi            = "10.1017/pasa.2016.35",
      eprint         = "1601.03547",
      archivePrefix  = "arXiv",
      primaryClass   = "astro-ph.HE",
      SLACcitation   = "%%CITATION = ARXIV:1601.03547;%%"
}

% one-year FRB analysis
@article{Fahey:2016czk,
      author         = "Fahey, Samuel and Kheirandish, Ali and Vandenbroucke,
                        Justin and Xu, Donglian",
      title          = "{A search for neutrinos from fast radio bursts with
                        IceCube}",
      journal        = "Astrophys. J.",
      volume         = "845",
      year           = "2017",
      number         = "1",
      pages          = "14",
      doi            = "10.3847/1538-4357/aa7e28",
      eprint         = "1611.03062",
      archivePrefix  = "arXiv",
      primaryClass   = "astro-ph.HE",
      SLACcitation   = "%%CITATION = ARXIV:1611.03062;%%"
}

%FRB hadronic model and UHECR
@article{Li:2013kwa,
      author         = "Li, Xiang and Zhou, Bei and He, Hao-Ning and Fan,
                        Yi-Zhong and Wei, Da-Ming",
      title          = "{Model-dependent estimate on the connection between fast
                        radio bursts and ultra-high energy cosmic rays}",
      journal        = "Astrophys. J.",
      volume         = "797",
      year           = "2014",
      number         = "1",
      pages          = "33",
      doi            = "10.1088/0004-637X/797/1/33",
      eprint         = "1312.5637",
      archivePrefix  = "arXiv",
      primaryClass   = "astro-ph.HE",
      SLACcitation   = "%%CITATION = ARXIV:1312.5637;%%"
}

%FRB reviews
@article{Keane:2018jqo,
      author         = "Keane, E. F.",
      title          = "{The Future of Fast Radio Burst Science}",
      year           = "2018",
      doi            = "10.1038/s41550-018-0603-0",
      eprint         = "1811.00899",
      archivePrefix  = "arXiv",
      primaryClass   = "astro-ph.HE",
      SLACcitation   = "%%CITATION = ARXIV:1811.00899;%%"
}

%FRB reviews
@article{Lorimer:2018rwi,
      author         = "Lorimer, D. R.",
      title          = "{A decade of fast radio bursts}",
      year           = "2018",
      eprint         = "1811.00195",
      archivePrefix  = "arXiv",
      primaryClass   = "astro-ph.HE",
      SLACcitation   = "%%CITATION = ARXIV:1811.00195;%%"
}

%Limits on repeater from Fermi
@article{Yang:2019kih,
      author         = "Yang, Yu-Han and Zhang, Bin-Bin and Zhang, Bing",
      title          = "{Second Repeating FRB 180814.J0422+73: Ten-year
                        $Fermi$-LAT Upper limits and Implications}",
      journal        = "Astrophys. J.",
      volume         = "875",
      year           = "2019",
      number         = "2",
      pages          = "L19",
      doi            = "10.3847/2041-8213/ab13af",
      eprint         = "1903.07329",
      archivePrefix  = "arXiv",
      primaryClass   = "astro-ph.HE",
      SLACcitation   = "%%CITATION = ARXIV:1903.07329;%%"
}

%CHIME first batch of bursts
@article{Amiri:2019qbv,
      author         = "Amiri, Mandana and others",
      title          = "{Observations of fast radio bursts at frequencies down to
                        400 megahertz}",
      collaboration  = "CHIME/FRB",
      journal        = "Nature",
      volume         = "566",
      year           = "2019",
      number         = "7743",
      pages          = "230-234",
      doi            = "10.1038/s41586-018-0867-7",
      eprint         = "1901.04524",
      archivePrefix  = "arXiv",
      primaryClass   = "astro-ph.HE",
      SLACcitation   = "%%CITATION = ARXIV:1901.04524;%%"
}

%CHIME the second repeating burst repeater
@article{Amiri:2019bjk,
      author         = "Amiri, M. and others",
      title          = "{A Second Source of Repeating Fast Radio Bursts}",
      collaboration  = "CHIME/FRB",
      journal        = "Nature",
      volume         = "566",
      year           = "2019",
      number         = "7743",
      pages          = "235-238",
      doi            = "10.1038/s41586-018-0864-x",
      eprint         = "1901.04525",
      archivePrefix  = "arXiv",
      primaryClass   = "astro-ph.HE",
      SLACcitation   = "%%CITATION = ARXIV:1901.04525;%%"
}



%%%%%%%%%%%%%%%%%%%%%%%%%%%%%%%%%%%%%%%%%%%%%%%%%
%%%%%%%%           GW Papers           %%%%%%%%%%
%%%%%%%%%%%%%%%%%%%%%%%%%%%%%%%%%%%%%%%%%%%%%%%%%
%O1 AND O2 CATALOG
@article{LIGO:2018mvr,
      author         = "Abbott, B. P. and others",
      title          = "{GWTC-1: A Gravitational-Wave Transient Catalog of
                        Compact Binary Mergers Observed by LIGO and Virgo during
                        the First and Second Observing Runs}",
      collaboration  = "LIGO Scientific, Virgo",
      year           = "2018",
      eprint         = "1811.12907",
      archivePrefix  = "arXiv",
      primaryClass   = "astro-ph.HE",
      reportNumber   = "LIGO-P1800307",
      SLACcitation   = "%%CITATION = ARXIV:1811.12907;%%"
}

%New O2 merger catalog
@article{Venumadhav:2019lyq,
      author         = "Venumadhav, Tejaswi and Zackay, Barak and Roulet, Javier
                        and Dai, Liang and Zaldarriaga, Matias",
      title          = "{New Binary Black Hole Mergers in the Second Observing
                        Run of Advanced LIGO and Advanced Virgo}",
      year           = "2019",
      eprint         = "1904.07214",
      archivePrefix  = "arXiv",
      primaryClass   = "astro-ph.HE",
      SLACcitation   = "%%CITATION = ARXIV:1904.07214;%%"
}

%GBM 170817 OBSERVATION
@article{GBM:2017lvd,
      author         = "Abbott, B. P. and others",
      title          = "{Multi-messenger Observations of a Binary Neutron Star
                        Merger}",
      collaboration  = "LIGO Scientific",
      journal        = "Astrophys. J.",
      volume         = "848",
      year           = "2017",
      number         = "2",
      pages          = "L12",
      doi            = "10.3847/2041-8213/aa91c9",
      eprint         = "1710.05833",
      archivePrefix  = "arXiv",
      primaryClass   = "astro-ph.HE",
      reportNumber   = "LIGO-P1700294, VIR-0802A-17, FERMILAB-PUB-17-478-A-AE-CD",
      SLACcitation   = "%%CITATION = ARXIV:1710.05833;%%"
}

%TIME DELAY BW GW AND NUS
@article{Baret:2011tk,
      author         = "Baret, Bruny and others",
      title          = "{Bounding the Time Delay between High-energy Neutrinos
                        and Gravitational-wave Transients from Gamma-ray Bursts}",
      journal        = "Astropart. Phys.",
      volume         = "35",
      year           = "2011",
      pages          = "1-7",
      doi            = "10.1016/j.astropartphys.2011.04.001",
      eprint         = "1101.4669",
      archivePrefix  = "arXiv",
      primaryClass   = "astro-ph.HE",
      SLACcitation   = "%%CITATION = ARXIV:1101.4669;%%"
}

%ICECUBE SEARCH FOR 170817
@article{ANTARES:2017bia,
      author         = "Albert, A. and others",
      title          = "{Search for High-energy Neutrinos from Binary Neutron
                        Star Merger GW170817 with ANTARES, IceCube, and the Pierre
                        Auger Observatory}",
      collaboration  = "ANTARES, IceCube, Pierre Auger, LIGO Scientific, Virgo",
      journal        = "Astrophys. J.",
      volume         = "850",
      year           = "2017",
      number         = "2",
      pages          = "L35",
      doi            = "10.3847/2041-8213/aa9aed",
      eprint         = "1710.05839",
      archivePrefix  = "arXiv",
      primaryClass   = "astro-ph.HE",
      reportNumber   = "LIGO-P1700344, FERMILAB-PUB-17-471-ND-TD",
      SLACcitation   = "%%CITATION = ARXIV:1710.05839;%%"
}

%GAMMA RAYS AND GWS 170817
@article{Monitor:2017mdv,
      author         = "Abbott, B. P. and others",
      title          = "{Gravitational Waves and Gamma-rays from a Binary Neutron
                        Star Merger: GW170817 and GRB 170817A}",
      collaboration  = "LIGO Scientific, Virgo, Fermi-GBM, INTEGRAL",
      journal        = "Astrophys. J.",
      volume         = "848",
      year           = "2017",
      number         = "2",
      pages          = "L13",
      doi            = "10.3847/2041-8213/aa920c",
      eprint         = "1710.05834",
      archivePrefix  = "arXiv",
      primaryClass   = "astro-ph.HE",
      reportNumber   = "LIGO-P1700308",
      SLACcitation   = "%%CITATION = ARXIV:1710.05834;%%"
}

%SEARCH FOR NUS O1
@article{Albert:2018jnn,
      author         = "Albert, A. and others",
      title          = "{Search for Multimessenger Sources of Gravitational Waves
                        and High-energy Neutrinos with Advanced LIGO during Its
                        First Observing Run, ANTARES, and IceCube}",
      collaboration  = "ANTARES, IceCube, LIGO, Virgo",
      journal        = "Astrophys. J.",
      volume         = "870",
      year           = "2019",
      number         = "2",
      pages          = "134",
      doi            = "10.3847/1538-4357/aaf21d",
      eprint         = "1810.10693",
      archivePrefix  = "arXiv",
      primaryClass   = "astro-ph.HE",
      SLACcitation   = "%%CITATION = ARXIV:1810.10693;%%"
}

%SEARCH FOR NUS 150914
@article{Adrian-Martinez:2016xgn,
      author         = "Adrian-Martinez, S. and others",
      title          = "{High-energy Neutrino follow-up search of Gravitational
                        Wave Event GW150914 with ANTARES and IceCube}",
      collaboration  = "ANTARES, IceCube, LIGO Scientific, Virgo",
      journal        = "Phys. Rev.",
      volume         = "D93",
      year           = "2016",
      number         = "12",
      pages          = "122010",
      doi            = "10.1103/PhysRevD.93.122010",
      eprint         = "1602.05411",
      archivePrefix  = "arXiv",
      primaryClass   = "astro-ph.HE",
      SLACcitation   = "%%CITATION = ARXIV:1602.05411;%%"
}

%BNS to Magnetars, neutrinos
@article{Fang:2017tla,
      author         = "Fang, Ke and Metzger, Brian D.",
      title          = "{High-Energy Neutrinos from Millisecond Magnetars formed
                        from the Merger of Binary Neutron Stars}",
      journal        = "Astrophys. J.",
      volume         = "849",
      year           = "2017",
      number         = "2",
      pages          = "153",
      doi            = "10.3847/1538-4357/aa8b6a",
      note           = "[Astrophys. J.849,153(2017)]",
      eprint         = "1707.04263",
      archivePrefix  = "arXiv",
      primaryClass   = "astro-ph.HE",
      SLACcitation   = "%%CITATION = ARXIV:1707.04263;%%"
}

%Nus from BNS
@article{Kimura:2018vvz,
      author         = "Kimura, Shigeo S. and Murase, Kohta and Bartos, Imre and
                        Ioka, Kunihito and Heng, Ik Siong and Meszaros, Peter",
      title          = "{Transejecta high-energy neutrino emission from binary
                        neutron star mergers}",
      journal        = "Phys. Rev.",
      volume         = "D98",
      year           = "2018",
      number         = "4",
      pages          = "043020",
      doi            = "10.1103/PhysRevD.98.043020",
      eprint         = "1805.11613",
      archivePrefix  = "arXiv",
      primaryClass   = "astro-ph.HE",
      SLACcitation   = "%%CITATION = ARXIV:1805.11613;%%"
}

%GraceDB
@misc{graceDB,
  title = {\textbf{Grace DB}},
  howpublished = {\url{https://gracedb.ligo.org/search/?query=\&query\_type=S\&results\_format=S}},
  note = {Accessed: 2019-06-17}
}

%LLAMA ICRC
@article{llama:2019icrc,
      author         = "Keivani, A and others",
      title          = "{Multi-messenger Gravitational-Wave + High-Energy Neutrino Searches with LIGO, Virgo and IceCube}",
      collaboration  = "IceCube",
      journal        = "PoS",
      volume         = "ICRC2019",
      pages          = "930",
      year           = "these proceedings",
}

@inproceedings{Carver:2019jcd,
      author         = "Carver, Tessa",
      title          = "{Ten years of All-sky Neutrino Point-Source Searches}",
      booktitle      = "{36th International Cosmic Ray Conference (ICRC 2019)
                        Madison, Wisconsin, USA, July 24-August 1, 2019}",
      collaboration  = "IceCube",
      year           = "2019",
      eprint         = "1908.05993",
      archivePrefix  = "arXiv",
      primaryClass   = "astro-ph.HE",
      reportNumber   = "PoS-ICRC2019-851",
      SLACcitation   = "%%CITATION = ARXIV:1908.05993;%%"
}


%%%%%%%%%%%%%%%%%%%%%%%%%%%%%%%%%%%%%%%%%%%%%%%%%
%%%%%%  Random Exp. Measurements/Limits  %%%%%%%%
%%%%%%%%%%%%%%%%%%%%%%%%%%%%%%%%%%%%%%%%%%%%%%%%%
%Auger Cosmogenic limits
@article{Aab:2015kma,
      author         = "Aab, Alexander and others",
      title          = "{Improved limit to the diffuse flux of ultrahigh energy
                        neutrinos from the Pierre Auger Observatory}",
      collaboration  = "Pierre Auger",
      journal        = "Phys. Rev.",
      volume         = "D91",
      year           = "2015",
      number         = "9",
      pages          = "092008",
      doi            = "10.1103/PhysRevD.91.092008",
      eprint         = "1504.05397",
      archivePrefix  = "arXiv",
      primaryClass   = "astro-ph.HE",
      reportNumber   = "FERMILAB-PUB-15-150-AD-AE-CD-TD",
      SLACcitation   = "%%CITATION = ARXIV:1504.05397;%%"
}

%Auger cosmogenic
@article{Zas:2017xdj,
      author         = "Zas, Enrique",
      title          = "{Searches for neutrino fluxes in the EeV regime with the
                        Pierre Auger Observatory}",
      booktitle      = "{The Pierre Auger Observatory: Contributions to the 35th
                        International Cosmic Ray Conference (ICRC 2017)}",
      collaboration  = "Pierre Auger",
      journal        = "PoS",
      volume         = "ICRC2017",
      year           = "2018",
      pages          = "972",
      doi            = "10.22323/1.301.0972",
      note           = "[,64(2017)]",
      SLACcitation   = "%%CITATION = POSCI,ICRC2017,972;%%"
}

%PDG Particle Data Book
@article{PhysRevD.98.030001,
  title = {Review of Particle Physics},
  author = {Tanabashi, M. and others},
  collaboration = {Particle Data Group},
  journal = {Phys. Rev. D},
  volume = {98},
  issue = {3},
  pages = {030001},
  numpages = {1898},
  year = {2018},
  month = {Aug},
  publisher = {American Physical Society},
  doi = {10.1103/PhysRevD.98.030001},
  url = {https://link.aps.org/doi/10.1103/PhysRevD.98.030001}
}

%%%%%%%%%%%%%%%%%%%%%%%%%%%%%%%%%%%%%%%%%%%%%%%%%
%%%%%%%%       Technical Papers        %%%%%%%%%%
%%%%%%%%%%%%%%%%%%%%%%%%%%%%%%%%%%%%%%%%%%%%%%%%%
%HealPy
@article{healpix,
   author = {{G{\'o}rski}, K.~M. and {Hivon}, E. and {Banday}, A.~J. and 
	{Wandelt}, B.~D. and {Hansen}, F.~K. and {Reinecke}, M. and 
	{Bartelmann}, M.},
    title = "{HEALPix: A Framework for High-Resolution Discretization and Fast Analysis of Data Distributed on the Sphere}",
  journal = {\apj},
   eprint = {arXiv:astro-ph/0409513},
 keywords = {Cosmology: Cosmic Microwave Background, Cosmology: Observations, Methods: Statistical},
     year = 2005,
    month = apr,
   volume = 622,
    pages = {759-771},
      doi = {10.1086/427976},
   adsurl = {http://adsabs.harvard.edu/abs/2005ApJ...622..759G},
  adsnote = {Provided by the SAO/NASA Astrophysics Data System}
}
@article{healpy,
  doi = {10.21105/joss.01298},
  url = {https://doi.org/10.21105/joss.01298},
  year = {2019},
  month = mar,
  publisher = {The Open Journal},
  volume = {4},
  number = {35},
  pages = {1298},
  author = {Andrea Zonca and Leo Singer and Daniel Lenz and Martin Reinecke and Cyrille Rosset and Eric Hivon and Krzysztof Gorski},
  title = {healpy: equal area pixelization and spherical harmonics transforms for data on the sphere in Python},
  journal = {Journal of Open Source Software}
}

%MMC
@article{Chirkin:2004hz,
      author         = "Chirkin, Dmitry and Rhode, Wolfgang",
      title          = "{Muon Monte Carlo: A High-precision tool for muon
                        propagation through matter}",
      year           = "2004",
      eprint         = "hep-ph/0407075",
      archivePrefix  = "arXiv",
      primaryClass   = "hep-ph",
      SLACcitation   = "%%CITATION = HEP-PH/0407075;%%"
}

%PREM Earth Model
@article{Dziewonski:1981xy,
      author         = "Dziewonski, A. M. and Anderson, D. L.",
      title          = "{Preliminary reference earth model}",
      journal        = "Phys. Earth Planet. Interiors",
      volume         = "25",
      year           = "1981",
      pages          = "297-356",
      doi            = "10.1016/0031-9201(81)90046-7",
      SLACcitation   = "%%CITATION = PEPIA,25,297;%%"
}

%Time-dependent methods paper
@article{Braun:2009wp,
      author         = "Braun, Jim and Baker, Mike and Dumm, Jon and Finley, Chad
                        and Karle, Albrecht and Montaruli, Teresa",
      title          = "{Time-Dependent Point Source Search Methods in High
                        Energy Neutrino Astronomy}",
      journal        = "Astropart. Phys.",
      volume         = "33",
      year           = "2010",
      pages          = "175-181",
      doi            = "10.1016/j.astropartphys.2010.01.005",
      eprint         = "0912.1572",
      archivePrefix  = "arXiv",
      primaryClass   = "astro-ph.IM",
      SLACcitation   = "%%CITATION = ARXIV:0912.1572;%%"
}

%Time independent methods paper
@article{Braun:2008bg,
      author         = "Braun, Jim and Dumm, Jon and De Palma, Francesco and
                        Finley, Chad and Karle, Albrecht and Montaruli, Teresa",
      title          = "{Methods for point source analysis in high energy
                        neutrino telescopes}",
      journal        = "Astropart. Phys.",
      volume         = "29",
      year           = "2008",
      pages          = "299-305",
      doi            = "10.1016/j.astropartphys.2008.02.007",
      eprint         = "0801.1604",
      archivePrefix  = "arXiv",
      primaryClass   = "astro-ph",
      SLACcitation   = "%%CITATION = ARXIV:0801.1604;%%"
}


%%%%%%%%%%%%%%%%%%%%%%%%%%%%%%%%%%%%%%%%%%%%%%%%%
%%%%%%   Cool Transient Applications     %%%%%%%%
%%%%%%%%%%%%%%%%%%%%%%%%%%%%%%%%%%%%%%%%%%%%%%%%%
%Neutrino Echoes and BSM
@article{Murase:2019xqi,
      author         = "Murase, Kohta and Shoemaker, Ian M.",
      title          = "{Neutrino Echoes from Multimessenger Transient Sources}",
      year           = "2019",
      eprint         = "1903.08607",
      archivePrefix  = "arXiv",
      primaryClass   = "hep-ph",
      SLACcitation   = "%%CITATION = ARXIV:1903.08607;%%"
}

%Strong lensing of GRBs to limit MACHO composition
@article{Ji:2018rvg,
      author         = "Ji, Lingyuan and Kovetz, Ely D. and Kamionkowski, Marc",
      title          = "{Strong Lensing of Gamma Ray Bursts as a Probe of Compact
                        Dark Matter}",
      journal        = "Phys. Rev.",
      volume         = "D98",
      year           = "2018",
      number         = "12",
      pages          = "123523",
      doi            = "10.1103/PhysRevD.98.123523",
      eprint         = "1809.09627",
      archivePrefix  = "arXiv",
      primaryClass   = "astro-ph.CO",
      SLACcitation   = "%%CITATION = ARXIV:1809.09627;%%"
}